%%%%%%%%%%%%%%%%%%%%%^%%%%
% dissertation bibliography
%%%%%%%%%%%%%%%%%%%%%^%%%%

@misc{Harshaw2021Balancing,
	title={Balancing covariates in randomized experiments with the Gram-Schmidt Walk design}, 
	author={Christopher Harshaw and Fredrik S{\"{a}}vje and Daniel Spielman and Peng Zhang},
	year={2021},
	note = {arXiv:1911.03071}
}

@misc{harshaw2021design,
	title={Design and Analysis of Bipartite Experiments under a Linear Exposure-Response Model},
	author={Christopher Harshaw and Fredrik SÃ¤vje and David Eisenstat and Vahab Mirrokni and Jean Pouget-Abadie},
	year={2021},
	eprint={2103.06392},
	archivePrefix={arXiv},
	primaryClass={stat.ME}
}

@Article{Neyman1923Application,
	author   = {Jerzy Neyman},
	title    = {On the application of probability theory to agricultural experiments. {Essay} on principles. {Section} 9},
	year     = {1923},
	journal  = {Statistical Science},
	volume   = {5},
	number   = {4},
	pages    = {465--472},
	doi      = {10.1214/ss/1177012031},
	note     = {Reprinted in 1990.}
}